@INPROCEEDINGS{sample_ref, 
author={Ref, S.}, 
booktitle={2008 Conference}, 
title={Sample Ref}, 
year={2008}, 
pages={1-7}, 
}


@article{econ,
  title={The Economics of Cryptocurrencies
 Bitcoin and Beyond},
  author={Jonathan, Thorsten},
  journal={SSRN},
  year={2017}
}


@manual{django,
  title = {Django documentation},
  howpublished = {\url{https://docs.djangoproject.com/en/1.10/}},
  url = {https://docs.djangoproject.com/en/1.10/},
  note = {Last visited: 12/09/2016}
}


@book{expdesign,
  title={Handbook of Experimental Economic Methodology
},
  author={Fr√©chette, Schotter},
  publisher={Oxford University press}
}

@book{behvgame,
  title={Behavioral Game Theory
Experiments in Strategic Interaction
},
  author={Camerer},
  publisher={Princeton University press}
}

@misc{crawlera,
  title = {{Crawlera: Smart downloader designed specifically for web crawling and scraping}},
  url = {http://crawlera.com/},
  note = {Last visited: 12/09/2016}
}


@inproceedings{bursztein2014end,
  title={The end is nigh: generic solving of text-based CAPTCHAs},
  author={Bursztein, Elie and Aigrain, Jonathan and Moscicki, Angelika and Mitchell, John C},
  booktitle={8th USENIX Workshop on Offensive Technologies (WOOT 14)},
  year={2014}
}


@book{designexp,
  title={Handbook of Design and Analysis of Experiments
},
  author={Dean, Morris, Stufken, Bingham},
  publisher={CRC press}
}


@book{book2,
  title={Handbook of Design and Analysis of Experiments
},
  author={Dean, Morris},
  publisher={CRC press}
}



@misc{econforum,
  title = {{World Economic Forum Annual Meeting
}},
  url = {https://www.weforum.org/events/world-economic-forum-annual-meeting-2016},
  note = {Last visited: 12/09/2016}
}



@online{tum,
  title = {UiPath: Technical University of Munich},
  url = {https://www.tum.de/},
  urldate = {2017-12-12}
}

@online{blkres,
  title = {UiPath: TUM Blockchain Research},
  url = {https://www.blockchain.tum.de/index.php?id=76},
  urldate = {2017-12-12}
}

@online{strat,
  title = {UiPath: Chair of Strategy and Organization},
  url = {https://www.strategy.wi.tum.de/en/strategy/},
  urldate = {2017-12-12}
}

@online{mgmt,
  title = {TUM School of Management},
  url = {https://www.wi.tum.de/},
  urldate = {2017-12-12}
}


@article{econ,
  title={The Economics of Cryptocurrencies
 Bitcoin and Beyond},
  author={Jonathan, THorsten},
  journal={SSRN},
  year={2017}
}


@online{naivechain,
  title = {Naivechain Implementation of Blockchain},
  url = {https://github.com/lhartikk/naivechain},
  urldate = {2017-12-04}
}


@online{skype,
  title = {Skype},
  url = {https://www.skype.com/en/},
  urldate = {2017-12-04}
}


@online{Trello,
  title = {Trello Board},
  url = {https://www.trello.com/},
  urldate = {2017-07-04}
}

@online{Dropbox,
  title = {Dropbox},
  url = {https://www.dropbox.com/},
  urldate = {2017-07-04}
}



@online{git,
  title = {Git},
  url = {https://git-scm.com/},
  urldate = {2017-07-04}
}

@online{gitlab,
  title = {Gitlab},
  url = {https://gitlab.com/},
  urldate = {2017-07-04}
}

@online{nodejs,
  title = {Node.js},
  url = {https://nodejs.org/},
  urldate = {2017-07-04}
}


@online{docker,
  title = {Docker},
  url = {https://docker.com/},
  urldate = {2017-07-04}
}

@online{azure,
  title = {Microsoft Azure VM},
  url = {https://azure.microsoft.com/en-us/},
  urldate = {2017-07-04}
}

@online{blkteam,
  title = {The Blockchain Research team at TUM},
  url = {https://www.blockchain.tum.de/index.php?id=78},
  urldate = {2017-07-04}
}

@online{Tangle,
  title = 	 {The tangle},
  author =	 {Serguei Popov},
  month =	 {April},
  year =	 2016,
  url =	 {http://www.tangleblog.com/wp-content/uploads/2016/11/IOTA_Whitepaper.pdf}
}

@online{sim,
  title = 	 {Tangle Simulation},
  author =	 {Alon Gal},
  month =	 {August},
  year =	 2018,
  url =	 {https://simulation1.tangle.works/}
}

@online{bigtangle,
  title = 	 {Big Tangle},
  month =	 {August},
  year =	 2018,
  url =	 {https://github.com/bigtangle/bigtangle}
}

@online{discrete,
  title = 	 {The first glance at the simulation of the Tangle: discrete model},
  authors =	 {Bartosz Kusmierz},
  month =	 {November},
  year =	 2017,
  url =	 {https://assets.ctfassets.net/r1dr6vzfxhev/2ZO5XxwehymSMsgusUE6YG/f15f4571500a64b7741963df5312c7e7/The_First_Glance_of_the_Simulation_Tangle_-_Discrete_Model_v0.1.pdf}
}

@online{continuous,
  title = 	 {Extracting Tangle Properties in Continuous Time
via Large-Scale Simulations},
  authors =	 {Bartosz Kusmierz, Philip Staupe, Alon Gal
},  month =	 {May},
  year =	 2018,
  url =	 {https://assets.ctfassets.net/r1dr6vzfxhev/4T4IAlxk9ym0eWco0UoQIQ/90094e746745b89253eb3636b4ad1597/Extracting_Tangle_Properties_in_Continuous_Time_via_Large_Scale_Simulations_V2.pdf}
}
@online{gitsim,
  title = 	 {Tangle Simulation},
  author =	 {Minh-Nghia Nguyen},
  month =	 {June},
  year =	 2018,
  url =	 {https://github.com/minh-nghia/TangleSimulator}
}